<?xml version="1.0" encoding="UTF-8"?><record xmlns="http://www.loc.gov/MARC21/slim" xmlns:cinclude="http://apache.org/cocoon/include/1.0" xmlns:zs="http://www.loc.gov/zing/srw/">
  <leader>00442nz  a2200145n  4500</leader>
  <controlfield tag="001">no2006093977</controlfield>
  <controlfield tag="003">DLC</controlfield>
  <controlfield tag="005">20060907051928.0</controlfield>
  <controlfield tag="008">060906n| acannaabn          |a aaa     c</controlfield>
  <datafield tag="010" ind1=" " ind2=" ">
    <subfield code="a">no2006093977</subfield>
  </datafield>
  <datafield tag="035" ind1=" " ind2=" ">
    <subfield code="a">(OCoLC)oca07042535</subfield>
  </datafield>
  <datafield tag="040" ind1=" " ind2=" ">
    <subfield code="a">NIC</subfield>
    <subfield code="b">eng</subfield>
    <subfield code="c">NIC</subfield>
  </datafield>
  <datafield tag="100" ind1="1" ind2=" ">
    <subfield code="a">Velazco, G. A.</subfield>
    <subfield code="q">(Gundelina A.)</subfield>
  </datafield>
  <datafield tag="400" ind1="1" ind2=" ">
    <subfield code="a">Velazco, Gundelina A.</subfield>
  </datafield>
  <datafield tag="670" ind1=" " ind2=" ">
    <subfield code="a">Managing caregivers' stress, 2005:</subfield>
    <subfield code="b">t.p. (G.A. Velazco, Ph. D.) t.p. verso (Gundelina A. Velazco)</subfield>
  </datafield>
</record>